<record><leader>00000cas a2200000 a 4500</leader><controlfield tag="001">10820006</controlfield><controlfield tag="008">840608d18361840vtuwr ne      0    0eng c</controlfield><datafield ind1=" " ind2=" " tag="010"><subfield code="a">sn 84023282 </subfield></datafield><datafield ind1=" " ind2=" " tag="040"><subfield code="a">AQM</subfield><subfield code="b">eng</subfield><subfield code="c">AQM</subfield><subfield code="d">NPX</subfield><subfield code="d">DLC</subfield><subfield code="d">CNW</subfield><subfield code="d">NVN</subfield><subfield code="d">OCL</subfield><subfield code="d">OCLCQ</subfield><subfield code="d">OCLCF</subfield><subfield code="d">OCLCO</subfield></datafield><datafield ind1="1" ind2=" " tag="029"><subfield code="a">AU@</subfield><subfield code="b">000020129405</subfield></datafield><datafield ind1=" " ind2=" " tag="042"><subfield code="a">pcc</subfield></datafield><datafield ind1=" " ind2=" " tag="043"><subfield code="a">n-us-vt</subfield></datafield><datafield ind1="0" ind2="0" tag="050"><subfield code="a">Newspaper 9952-X</subfield></datafield><datafield ind1="0" ind2="0" tag="245"><subfield code="a">Windsor statesman.</subfield></datafield><datafield ind1="1" ind2="3" tag="246"><subfield code="a">Statesman</subfield></datafield><datafield ind1=" " ind2=" " tag="260"><subfield code="a">Windsor, Vt. :</subfield><subfield code="b">Gilbert A. Grant</subfield></datafield><datafield ind1=" " ind2=" " tag="300"><subfield code="a">v. :</subfield><subfield code="b">ill. (chiefly advertisements) ;</subfield><subfield code="c">55 cm.</subfield></datafield><datafield ind1=" " ind2=" " tag="310"><subfield code="a">Weekly</subfield></datafield><datafield ind1="1" ind2=" " tag="362"><subfield code="a">Began in Nov. 1836? Ceased in 1840.</subfield><subfield code="z">Cf. Gregory, W. Amer. newspapers.</subfield></datafield><datafield ind1=" " ind2=" " tag="500"><subfield code="a">Printer: P. Merrifield, &lt;1839-1840&gt;.</subfield></datafield><datafield ind1=" " ind2=" " tag="500"><subfield code="a">"Democratic Republican."</subfield></datafield><datafield ind1=" " ind2=" " tag="588"><subfield code="a">Description based on: New ser. v. 3, no. 3 (Nov. 21, 1836).</subfield></datafield><datafield ind1=" " ind2="0" tag="651"><subfield code="a">Windsor (Vt.)</subfield><subfield code="v">Newspapers.</subfield></datafield><datafield ind1=" " ind2="0" tag="651"><subfield code="a">Vermont</subfield><subfield code="v">Newspapers.</subfield></datafield><datafield ind1=" " ind2="7" tag="655"><subfield code="a">Newspapers.</subfield><subfield code="2">fast</subfield><subfield code="0">(OCoLC)fst01423814</subfield></datafield><datafield ind1=" " ind2="7" tag="651"><subfield code="a">Vermont.</subfield><subfield code="2">fast</subfield><subfield code="0">(OCoLC)fst01204305</subfield></datafield><datafield ind1=" " ind2="7" tag="651"><subfield code="a">Vermont</subfield><subfield code="z">Windsor.</subfield><subfield code="2">fast</subfield><subfield code="0">(OCoLC)fst01214456</subfield></datafield><datafield ind1=" " ind2=" " tag="752"><subfield code="a">United States</subfield><subfield code="b">Vermont</subfield><subfield code="c">Windsor</subfield><subfield code="d">Windsor.</subfield></datafield><datafield ind1="0" ind2="0" tag="780"><subfield code="t">Democratic statesman (Windsor, Vt.)</subfield><subfield code="w">(DLC)sn 84023281</subfield><subfield code="w">(OCoLC)10854824</subfield></datafield></record>